@misc{openldap,
    title={OpenLDAP Project},
    howpublished="\url{openldap.org}"
}
%
@misc{whatldap,
    title={What is LDAP?},
    howpublished="\url{http://www.gracion.com/server/whatldap.html}"
}
%
@misc{pluginldap,
    title={plugin wpDirAuth},
    howpublished="\url{https://wordpress.org/plugins/wpdirauth/}"
}
%
@misc{wpldap,
    title={WordPress LDAP Authentication},
    howpublished="\url{http://blog.zwiegnet.com/linux-server/wordpress-ldap-authentication/}"
}
%
@misc{pluginticket,
    title={plugin JS Support Ticket},
    howpublished="\url{https://wordpress.org/plugins/js-support-ticket/}"
}
%
@misc{wplang,
    title={Changing the wordpress language after installing it},
    howpublished="\url{https://wordpress.org/support/topic/changing-the-wordpress-language-after-installing-it/}"
}
%
@misc{mo2po,
    title={using gettext convert .mo to .po, and .po to .mo},
    howpublished="\url{https://lxneng.com/posts/171}"
}
%
@misc{ldapserver,
    title={Configure LDAP Client},
    howpublished="\url{https://www.server-world.info/en/note?os=CentOS_7&p=openldap&f=3}"
}
%
@misc{webmininstall,
    title={Install Webmin},
    howpublished="\url{https://www.server-world.info/en/note?os=CentOS_7&p=webmin}"
}
%
@misc{pendssh,
    title={Load Balancing SSH Connections using Pen on CentOS Linux},
    howpublished="\url{http://itekblog.com/load-balancing-ssh-connections-using-pen-on-centos-linux/}"
}

@misc{pendhttp,
    title={Pen : HTTP Load Balancing},
    howpublished="\url{https://www.server-world.info/en/note?os=CentOS_7&p=pen}"
}
%
@misc{rootrecover,
    title={Recover a forgotten root password on Redhat 7 Linux Selinux system},
    howpublished="\url{https://linuxconfig.org/recover-a-forgotten-root-password-on-redhat-7-linux-selinux-system}"
}

@ONLINE{debianclusters,
    author = {Wanous, Kristina},
    title = {Debian Clusters for Education and Research: The Missing Manual},
    year = {2008},
    howpublished = "\url{http://www.cslu.ogi.edu/~zak/debianclusters/}"
}

@ONLINE{sccamp,
    title = {Super Computing and Distributed Computing Camp},
    month = {Julio},
    year = {2011},
    howpublished = "\url{http://www.sc-camp.org/2011/}"
}

@ONLINE{scalac,
    title = {SCALAC: Servicio de Computación Avanzada para América Latina y el Caribe},
    year = {2013},
    howpublished = "\url{http://comunidades.redclara.net/wiki/scalac/}"
}

@techreport{ibmcell,
    author = {IBM Corporation},
    title = {Cell Broadband Engine Architecture},
    year = {2007},
    month = {Octubre},
    howpublished = "\url{https://www-01.ibm.com/chips/techlib/techlib.nsf/techdocs/1AEEE1270EA2776387257060006E61BA/$file/CBEA_v1.02_11Oct2007_pub.pdf}"
}

@ONLINE{nfs,
    title = {Linux NFS-HOWTO},
    year = {2006},
    author = {Smith, Christopher},
    howpublished = "\url{http://nfs.sourceforge.net/nfs-howto/ar01s02.html}"
}

@ONLINE{ldap,
    title = {LDAP Linux HOWTO},
    year = {2007},
    month = {03},
    day = {18},
    author = {Pinheiro, Luiz},
    howpublished = "\url{http://tldp.org/HOWTO/LDAP-HOWTO/}"
}

@ONLINE{ssh,
    title = {The Secure Shell (SSH) Authentication Protocol},
    year = {2006},
    month = {01},
    author = {T, Ylonen; C, Lovnick},
    howpublished = "\url{http://tools.ietf.org/html/rfc4252}"
}

@ONLINE{mpi,
    title = {MPI: A Message-Passing Interface Standard Version 3.0},
    year = {2012},
    month = {09},
    author = {Message Passing Interface Forum},
    howpublished = "\url{http://www.mpi-forum.org/docs/mpi-3.0/mpi30-report.pdf}"
}


@ONLINE{cuda,
    title = {CUDA Parallel Computing Platform},
    year = {2013},
    author = {Nvidia Corporation},
    howpublished = "\url{http://www.nvidia.com/object/cuda\_home\_new.html}"
}

@misc{centosrepos,
    title={Top 5 Yum Repositories for CentOS/RHEL 7/6/5},
    howpublished="\url{http://tecadmin.net/top-5-yum-repositories-for-centos-rhel-systems/#}"
}

@misc{selinuxdis,
    title={Enable or Disable SELinux},
    howpublished="\url{https://www.centos.org/docs/5/html/5.1/Deployment_Guide/sec-sel-enable-disable.html}"
}

@misc{loopbash,
    title={How do I loop through only directories in bash?},
    howpublished="\url{http://unix.stackexchange.com/questions/86722/how-do-i-loop-through-only-directories-in-bash}"
}

@misc{ntpclient,
    title={Configure NTP Client on CentOS 7},
    howpublished="\url{http://blog.zwiegnet.com/linux-server/configure-ntp-client-on-centos-7/}"
}

@misc{munge,
    title={MUNGE (MUNGE Uid 'N' Gid Emporium)},
    howpublished="\url{https://dun.github.io/munge/}"
}

@misc{modules,
    title={Welcome to the Environment Modules Project},
    howpublished="\url{http://modules.sourceforge.net/}"
}

@misc{moduleinstall,
    title={Installing Environment Modules},
    howpublished="\url{http://nickgeoghegan.net/linux/installing-environment-modules}"
}

@misc{tildelst,
    title={http://tex.stackexchange.com/questions/24528/having-problems-with-listings-and-utf-8-can-it-be-fixed},
    howpublished="\url{http://tex.stackexchange.com/questions/24528/having-problems-with-listings-and-utf-8-can-it-be-fixed}"
}

@misc{filebash,
    title={Open and write data on text file by bash/shell scripting},
    howpublished="\url{http://stackoverflow.com/questions/11162406/open-and-write-data-on-text-file-by-bash-shell-scripting}"
}

@misc{textinfile,
    title={How to find all files containing specific text on Linux?},
    howpublished="\url{http://stackoverflow.com/questions/16956810/how-to-find-all-files-containing-specific-text-on-linux}"
}

@misc{cudatoolkitinstall,
    title={NVIDIA CUDA INSTALLATION GUIDE FOR LINUX},
    howpublished="\url{http://developer.download.nvidia.com/compute/cuda/8.0/secure/prod/docs/sidebar/CUDA_Installation_Guide_Linux.pdf?autho=1477494720_28946d86f563a02ed5fb2682473b3f92&file=CUDA_Installation_Guide_Linux.pdf}"
}

@misc{torque,
    title={TORQUE Resource Manager},
    howpublished="\url{http://www.adaptivecomputing.com/products/open-source/torque/}"
}

@misc{maui,
    title={Maui Cluster Scheduler},
    howpublished="\url{http://www.adaptivecomputing.com/products/open-source/maui/}"
}

@misc{qmgr,
    title={qmgr(1) - Linux man page},
    howpublished="\url{https://linux.die.net/man/1/qmgr}"
}

@misc{gmp,
    title={The GNU Multiple Precision Arithmetic Library },
    howpublished="\url{https://gmplib.org/}"
}

@misc{mpfr,
    title={The GNU MPFR Library},
    howpublished="\url{http://www.mpfr.org/}"
}

@misc{mpc,
    title={multiprecision MPC library},
    howpublished="\url{http://www.multiprecision.org/index.php?prog=mpc}"
}

@misc{passwdldap,
    title={LDAP users not able to change their password using passwd command},
    howpublished="\url{http://stackoverflow.com/questions/26254767/ldap-users-not-able-to-change-their-password-using-passwd-command}"
}

@misc{isl,
    title={Integer Set Library},
    howpublished="\url{http://isl.gforge.inria.fr/}"
}

@misc{hdf5,
    title={WELCOME to the HDF5 Home Page!},
    howpublished="\url{https://support.hdfgroup.org/HDF5/}"
}

@misc{netcdf,
    title={NetCDF},
    howpublished="\url{http://www.unidata.ucar.edu/downloads/netcdf/index.jsp}"
}

@misc{szip,
    title={Szip Compression in HDF Products},
    howpublished="\url{https://support.hdfgroup.org/doc_resource/SZIP/}"
}

@misc{dmalloc,
    title={Dmalloc - Debug malloc library},
    howpublished="\url{http://dmalloc.com/}"
}

@misc{mpe,
    title={MPI Parallel Environment},
    howpublished="\url{http://www.mcs.anl.gov/research/projects/perfvis/software/MPE/}"
}

@misc{mpip,
    title={mpiP: Lightweight, Scalable MPI Profiling},
    howpublished="\url{http://mpip.sourceforge.net/}"
}

@misc{ganglia,
    title={Setting Up Real-Time Monitoring with ‘Ganglia’ for Grids and Clusters of Linux Servers},
    howpublished="\url{http://www.tecmint.com/install-configure-ganglia-monitoring-centos-linux/}"
}

@misc{webganglia,
    title={Unable to view ganglia dashboard},
    howpublished="\url{http://stackoverflow.com/questions/23515934/unable-to-view-ganglia-dashboard}"
}

@misc{R,
    title={The R Project for Statistical Computing},
    howpublished="\url{https://www.r-project.org/}"
}

@misc{brokenpipe,
    title={How to prevent “Write Failed: broken pipe” on SSH connection?},
    howpublished="\url{http://askubuntu.com/questions/127369/how-to-prevent-write-failed-broken-pipe-on-ssh-connection}"
}
%%%%%%%%%% Fine tune
@misc{finetuning00,
    title={What limits number of threads per system or per user?},
    howpublished="\url{http://www.linuxquestions.org/questions/linux-general-1/what-limits-number-of-threads-per-system-or-per-user-4175519728/}"
}

@misc{finetuning01,
    title={Best Known Methods for Setting Locked Memory Size},
    howpublished="\url{https://software.intel.com/en-us/blogs/2014/12/16/best-known-methods-for-setting-locked-memory-size}"
}

%%%%%%%%% Benchmarks
@misc{linpack00,
    title={THE LINPACK BENCHMARK},
    howpublished="\url{https://www.top500.org/project/linpack/}"
}

@misc{linpack01,
    title={Makefile fails to install file correctly, installing HPL},
    howpublished="\url{http://superuser.com/questions/272463/makefile-fails-to-install-file-correctly-installing-hpl}"
}

@misc{linpack02,
    title={HPL (High Performance Linpack): Benchmarking Raspberry PIs},
    howpublished="\url{https://www.howtoforge.com/tutorial/hpl-high-performance-linpack-benchmark-raspberry-pi/}"
}

@misc{linpack03,
    title={UL HPC Tutorial: HPL benchmarking on UL HPC platform},
    howpublished="\url{https://ulhpc-tutorials.readthedocs.io/en/latest/advanced/HPL/README/}"
}

%%%%%%%%%%%% Ruth
@misc{velvet,
    title={Velvet: Sequence assembler for very short reads},
    howpublished="\url{https://www.ebi.ac.uk/~zerbino/velvet/}"
}

@misc{fastx-toolkit,
    title={FASTX-Toolkit},
    howpublished="\url{http://hannonlab.cshl.edu/fastx_toolkit/download.html}"
}

@misc{skewer,
    title={Skewer: a fast and accurate adapter trimmer for next-generation sequencing paired-end reads},
    howpublished="\url{http://bmcbioinformatics.biomedcentral.com/articles/10.1186/1471-2105-15-182}"
}

@misc{repeatscout00,
    title={RepeatScout},
    howpublished="\url{http://bix.ucsd.edu/repeatscout/}"
}

@article{repeatscout01,
  author  = {Price A.L., Jones N.C., Pevzner P.A.}, 
  title   = {De novo identificaction of repeat families in large genomes},
  journal = {Proceedings of the 13 Annual International Conference on Intelligent Systems for Molecular Biology},
  year    = 2005
}

@misc{genemark,
    title={GeneMark},
    howpublished="\url{http://exon.gatech.edu/GeneMark/}"
}

@misc{repeatmasker,
    title={RepeatMasker},
    howpublished="\url{http://www.repeatmasker.org/}"
}

@misc{rust,
    title={Rust},
    howpublished="\url{https://www.rust-lang.org/en-US/index.html}"
}

@misc{blas,
    title={BLAS (Basic Linear Algebra Subprograms)},
    howpublished="\url{http://www.netlib.org/blas/}"
}

@misc{lapack,
    title={LAPACK: Linear Algebra PACKage},
    howpublished="\url{http://www.netlib.org/lapack/}"
}

@misc{fftw,
    title={FFTW},
    howpublished="\url{http://www.fftw.org/}"
}

@misc{openblas,
    title={OpenBLAS: An optimized BLAS library},
    howpublished="\url{https://www.openblas.net/}"
}

@misc{octave,
    title={GNU Octave},
    howpublished="\url{https://www.gnu.org/software/octave/}"
}

@misc{sage,
    title={SAGE},
    howpublished="\url{http://www.sagemath.org/}"
}

% IPMI

@misc{ipmisupermicro,
    title={SUPERMICRO IPMI},
    howpublished="\url{https://www.boston.co.uk/technical/2016/03/supermicro-ipmi.aspx}"
}

@misc{openipmi,
    title={OpenIPMI},
    howpublished="\url{http://openipmi.sourceforge.net/}"
}

% WRF
@misc{wrf,
    title={Weather Research and Forecasting Model},
    howpublished="\url{http://www.wrf-model.org/index.php}"
}

@misc{zlib,
    title={Zlib: A Massively Spiffy Yet Delicately Unobtrusive Compression Library},
    howpublished="\url{https://www.zlib.net/}"
}

@misc{libpng,
    title={libpng},
    howpublished="\url{http://www.libpng.org/pub/png/libpng.html}"
}

@misc{jasper,
    title={The JasPer Project Home Page},
    howpublished="\url{http://www.ece.uvic.ca/~frodo/jasper/#download}"
}

@misc{osticket,
    title={Download the Open Source Edition (osTicket)},
    
	howpublished="\url{http://osticket.com/download}"
}

@misc{abyss,
    title={ABySS},
	howpublished="\url{https://github.com/bcgsc/abyss}"
}

@misc{boost,
    title={Boost C++ Libraries},
	howpublished="\url{http://www.boost.org/}"
}

@misc{sparsehash,
    title={Sparsehash},
	howpublished="\url{https://github.com/sparsehash/sparsehash}"
}

@misc{wrfguide,
    title={How To Compile WRF: The Complete Process},
	howpublished="\url{http://www2.mmm.ucar.edu/wrf/OnLineTutorial/compilation_tutorial.php#STEP1}"
}

@misc{iptables-save,
	title={Saving Iptables Firewall Rules Permanently},
    howpublished="\url{https://www.thomas-krenn.com/en/wiki/Saving_Iptables_Firewall_Rules_Permanently}"
}

@misc{cudnn,
	title={NVIDIA cuDNN GPU Accelerated Deep Learning},
    howpublished="\url{https://developer.nvidia.com/cudnn}"
}

@misc{gpufix,
	title={Cuda Toolkit Documentation},
    howpublished="\url{http://docs.nvidia.com/cuda/cuda-installation-guide-linux/#runfile-installation}"
}

@misc{tensorflow,
	title={TensorFlow: An open-source software library for Machine Intelligence},
    howpublished="\url{https://www.tensorflow.org/}"
}

@misc{theano,
	title={Theano},
    howpublished="\url{http://deeplearning.net/software/theano/}"
}

@misc{bad_uid_torque,
	title={11.8 Frequently asked questions (FAQ)},
    howpublished="\url{http://docs.adaptivecomputing.com/torque/4-1-7/Content/topics/11-troubleshooting/faq.htm}"
}

@misc{add_host_torque,
	title={1.3.2 Server configuration},
    howpublished="\url{http://docs.adaptivecomputing.com/torque/4-1-7/Content/topics/1-installConfig/serverConfig.htm#configJobSubHost}"
}
%%%%
@misc{nfs-server,
	title={NFS server and client installation on CentOS 7},
    howpublished="\url{https://www.howtoforge.com/nfs-server-and-client-on-centos-7}"
}

@misc{lvm-dummies,
	title={LVM para torpes (II)},
    howpublished="\url{https://blog.inittab.org/administracion-sistemas/lvm-para-torpes-ii/}"
}

@misc{raid0,
	title={Creating Software RAID0 (Stripe) on ‘Two Devices’ Using ‘mdadm’ Tool in Linux – Part 2},
    howpublished="\url{https://www.tecmint.com/create-raid0-in-linux/}"
}

@misc{crontab,
	title={Usando rsync y cron para automatizar respaldos incrementales},
    howpublished="\url{http://www.jveweb.net/archivo/2011/02/usando-rsync-y-cron-para-automatizar-respaldos-incrementales.html}"
}

@misc{iperf,
	title={How do you test the network speed between two boxes?},
    howpublished="\url{https://askubuntu.com/questions/7976/how-do-you-test-the-network-speed-betwen-two-boxes}"
}

@misc{pamexec,
	title={pam\_exec(8) Linux man page},
    howpublished="\url{https://linux.die.net/man/8/pam_exec}"
}

@misc{pamexec2,
	title={pam\_exec.so Execute Commands on User Login},
    howpublished="\url{http://blog.redbranch.net/2014/06/04/pam_exec-so-execute-commands-on-user-login/}"
}